

@article{da2019estudo,
  title={O ESTUDO DE CONCEITOS DE F{\'I}SICA NA PRIMEIRA FASE DO ENSINO FUNDAMENTAL UTILIZANDO FERRAMENTAS L{\'U}DICAS},
  author={da Silveira Junior, Carlos Roberto},
  journal={Experi{\^e}ncias em Ensino de Ci{\^e}ncias},
  volume={14},
  number={2},
  pages={108--123},
  year={2019}
}

@MISC{site1,
author = {??},
title = {MÉTODO DE CONGRUÊNCIA LINEAR PARA GERAR NÚMEROS PSEUDO-ALEATÓRIOS},
year = {2021},
howpublished={url{https://acervolima.com/metodo-de-congruencia-linear-para-gerar-numeros-pseudo-aleatorios/}}
}

@MISC{site2,
author = {Fábio dos Reis},
title = {Como gerar números aleatórios em Java com java.util.Random e Math.random()},
year = {2018},
howpublished={url{http://www.bosontreinamentos.com.br/java/como-gerar-numeros-aleatorios-em-java-com-java-util-random-e-math-random/}}
}

@MISC{site3,
author = {Paulo A. V. Miranda},
title = {Números pseudo-aleatórios},
year = {2014},
howpublished={url{http://www.vision.ime.usp.br/~pmiranda/mac110_1s14/EPs/ep01/numeros_aleatorios.html}}
}

@misc{ wiki1,
   author = "Wikipédia",
   title = "Gerador de números pseudoaleatórios --- Wikipédia{,} a enciclopédia livre",
   year = "2022",
   url = "https://pt.wikipedia.org/w/index.php?title=Gerador_de_n%C3%BAmeros_pseudoaleat%C3%B3rios&oldid=64257701",
   note = "[Online; accessed 23-agosto-2022]"
 }