

@article{da2019estudo,
  title={O ESTUDO DE CONCEITOS DE F{\'I}SICA NA PRIMEIRA FASE DO ENSINO FUNDAMENTAL UTILIZANDO FERRAMENTAS L{\'U}DICAS},
  author={da Silveira Junior, Carlos Roberto},
  journal={Experi{\^e}ncias em Ensino de Ci{\^e}ncias},
  volume={14},
  number={2},
  pages={108--123},
  year={2019}
}

@MISC{site1,
author = {Rosimar Gouveia},
title = {Polias},
year = {2018},
howpublished={url{https://www.todamateria.com.br/polias/}}
}