%% This BibTeX bibliography file was created using BibDesk.
%% http://bibdesk.sourceforge.net/


%% Created for Leonardo Lacerda Alves at 2014-09-10 21:55:25 -0300 
@software{nivioziviani,
  author = {Nivio Ziviani},
  month = {Outubro},
  title = {{Projeto de algoritmos com implementação em java e c++}},
  url = {http://www2.dcc.ufmg.br/livros/algoritmos-java/implementacoes-06.php},
  year = {2006}
}

@software{Samuellucas97,
  author = {Samuel Lucas de Moura Ferino},
  month = {June},
  title = {{Trie}},
  url = {https://github.com/Samuellucas97/Trie},
  year = {2018}
}

@software{divanibarbosa,
  author = {Divani Barbosa Gavinier},
  month = {March},
  title = {{Arvore Binaria em Java}},
  url = {https://gist.github.com/divanibarbosa/819e7cfcf1b9bae48c4e0f5bd74fb658},
  year = {2020}
}

%% Saved with string encoding Unicode (UTF-8) 
@MISC{augustobaffa:2020,
  author = "augustobaffa",
  title = {Gerador Congruencial Linear},
  month = dezembro,
  year = {2020},
  howpublished = {\url{http://www.augustobaffa.pro.br/wiki/Gerador_Congruencial_Linear}}
}

@MISC{geeksforgeeks:2021,
  author = "Gunjanpaul",
  title = {Java Program to Implement the Linear Congruential Generator for Pseudo Random Number Generation},
  month = July,
  year = {2021},
  howpublished = {\url{https://www.geeksforgeeks.org/java-program-to-implement-the-linear-congruential-generator-for-pseudo-random-number-generation/}}
}

@MISC{gerarString,
  author = "DelftStack",
  title = {Gerar String Aleatória em Java},
  month = March,
  year = {2021},
  howpublished = {\url{https://www.delftstack.com/pt/howto/java/random-alphanumeric-string-in-java/}}
}

